<record><leader>00000cas a22000007a 4500</leader><controlfield tag="001">8786998</controlfield><controlfield tag="008">820918d188218uuinudr ne      0    0eng  </controlfield><datafield ind1=" " ind2=" " tag="010"><subfield code="a">sn 82014719 </subfield></datafield><datafield ind1=" " ind2=" " tag="040"><subfield code="a">DLC</subfield><subfield code="b">eng</subfield><subfield code="c">DLC</subfield><subfield code="d">NPI</subfield><subfield code="d">DLC</subfield><subfield code="d">OCLCQ</subfield><subfield code="d">IUL</subfield><subfield code="d">OCLCF</subfield></datafield><datafield ind1="1" ind2=" " tag="029"><subfield code="a">AU@</subfield><subfield code="b">000025821556</subfield></datafield><datafield ind1=" " ind2=" " tag="042"><subfield code="a">msc</subfield></datafield><datafield ind1=" " ind2=" " tag="043"><subfield code="a">n-us-in</subfield></datafield><datafield ind1="0" ind2="0" tag="050"><subfield code="a">Newspaper 7701-X</subfield></datafield><datafield ind1="0" ind2=" " tag="130"><subfield code="a">Daily evening herald (Huntington, Ind.)</subfield></datafield><datafield ind1="1" ind2="0" tag="245"><subfield code="a">Daily evening herald.</subfield></datafield><datafield ind1=" " ind2=" " tag="260"><subfield code="a">Huntington, Ind. :</subfield><subfield code="b">[s.n.]</subfield></datafield><datafield ind1=" " ind2=" " tag="300"><subfield code="a">v. ;</subfield><subfield code="c">54-69 cm.</subfield></datafield><datafield ind1=" " ind2=" " tag="310"><subfield code="a">Daily</subfield></datafield><datafield ind1="1" ind2=" " tag="362"><subfield code="a">Began in 1882.</subfield></datafield><datafield ind1=" " ind2=" " tag="500"><subfield code="a">"Republican."</subfield></datafield><datafield ind1=" " ind2=" " tag="588"><subfield code="a">Description based on: Vol. 2, no. 372 (Dec. 22, 1883).</subfield></datafield><datafield ind1=" " ind2="0" tag="651"><subfield code="a">Huntington (Ind.)</subfield><subfield code="v">Newspapers.</subfield></datafield><datafield ind1=" " ind2="0" tag="651"><subfield code="a">Huntington County (Ind.)</subfield><subfield code="v">Newspapers.</subfield></datafield><datafield ind1=" " ind2="7" tag="651"><subfield code="a">Indiana</subfield><subfield code="z">Huntington.</subfield><subfield code="2">fast</subfield><subfield code="0">(OCoLC)fst01213857</subfield></datafield><datafield ind1=" " ind2="7" tag="651"><subfield code="a">Indiana</subfield><subfield code="z">Huntington County.</subfield><subfield code="2">fast</subfield><subfield code="0">(OCoLC)fst01221015</subfield></datafield><datafield ind1=" " ind2="7" tag="655"><subfield code="a">Newspapers.</subfield><subfield code="2">fast</subfield><subfield code="0">(OCoLC)fst01423814</subfield></datafield><datafield ind1=" " ind2=" " tag="752"><subfield code="a">United States</subfield><subfield code="b">Indiana</subfield><subfield code="c">Huntington</subfield><subfield code="d">Huntington.</subfield></datafield><datafield ind1="0" ind2="0" tag="785"><subfield code="t">Evening herald (Huntington, Ind.)</subfield><subfield code="w">(DLC)sn 86058800</subfield><subfield code="w">(OCoLC)14510855</subfield></datafield></record>